<record><leader>00000cas a2200000 a 4500</leader><controlfield tag="001">18852108</controlfield><controlfield tag="008">881207d19651970flumr ne      0    0eng c</controlfield><datafield ind1=" " ind2=" " tag="010"><subfield code="a">sn 96027414 </subfield></datafield><datafield ind1=" " ind2=" " tag="040"><subfield code="a">FWA</subfield><subfield code="b">eng</subfield><subfield code="c">FWA</subfield><subfield code="d">FUG</subfield><subfield code="d">OCLCQ</subfield><subfield code="d">OCLCF</subfield><subfield code="d">OCLCO</subfield></datafield><datafield ind1=" " ind2=" " tag="012"><subfield code="i">9605</subfield></datafield><datafield ind1="1" ind2=" " tag="029"><subfield code="a">AU@</subfield><subfield code="b">000012500202</subfield></datafield><datafield ind1=" " ind2=" " tag="042"><subfield code="a">pcc</subfield></datafield><datafield ind1=" " ind2=" " tag="043"><subfield code="a">n-us---</subfield></datafield><datafield ind1=" " ind2=" " tag="090"><subfield code="a">HD9829.S3</subfield><subfield code="b">H37</subfield></datafield><datafield ind1="0" ind2="0" tag="245"><subfield code="a">St. Regis Southerner.</subfield></datafield><datafield ind1="3" ind2=" " tag="246"><subfield code="a">Saint Regis Southerner</subfield></datafield><datafield ind1=" " ind2=" " tag="260"><subfield code="a">Pensacola, Fla. :</subfield><subfield code="b">St. Regis Paper Co.,</subfield><subfield code="c">1965-1970.</subfield></datafield><datafield ind1=" " ind2=" " tag="300"><subfield code="a">6 v. :</subfield><subfield code="b">ill. ;</subfield><subfield code="c">42 cm.</subfield></datafield><datafield ind1=" " ind2=" " tag="310"><subfield code="a">Monthly</subfield></datafield><datafield ind1="0" ind2=" " tag="362"><subfield code="a">Vol. 1, no. 1 (June 1965)-v. 6, no. 1 (Jan. 1970).</subfield></datafield><datafield ind1=" " ind2=" " tag="500"><subfield code="a">Has occasional special editions.</subfield></datafield><datafield ind1="8" ind2=" " tag="521"><subfield code="a">"Published ... for St. Regis Southern employees and their families."</subfield></datafield><datafield ind1=" " ind2="0" tag="650"><subfield code="a">Paper industry</subfield><subfield code="z">Florida.</subfield></datafield><datafield ind1=" " ind2="0" tag="650"><subfield code="a">Paper industry workers.</subfield></datafield><datafield ind1=" " ind2="0" tag="651"><subfield code="a">Pensacola (Fla.)</subfield><subfield code="v">Newspapers.</subfield></datafield><datafield ind1=" " ind2="0" tag="651"><subfield code="a">Escambia County (Fla.)</subfield><subfield code="v">Newspapers.</subfield></datafield><datafield ind1=" " ind2="7" tag="655"><subfield code="a">Newspapers.</subfield><subfield code="2">fast</subfield><subfield code="0">(OCoLC)fst01423814</subfield></datafield><datafield ind1=" " ind2="7" tag="650"><subfield code="a">Paper industry.</subfield><subfield code="2">fast</subfield><subfield code="0">(OCoLC)fst01052447</subfield></datafield><datafield ind1=" " ind2="7" tag="650"><subfield code="a">Paper industry workers.</subfield><subfield code="2">fast</subfield><subfield code="0">(OCoLC)fst01052499</subfield></datafield><datafield ind1=" " ind2="7" tag="651"><subfield code="a">Florida.</subfield><subfield code="2">fast</subfield><subfield code="0">(OCoLC)fst01205150</subfield></datafield><datafield ind1=" " ind2="7" tag="651"><subfield code="a">Florida</subfield><subfield code="z">Escambia County.</subfield><subfield code="2">fast</subfield><subfield code="0">(OCoLC)fst01215180</subfield></datafield><datafield ind1=" " ind2="7" tag="651"><subfield code="a">Florida</subfield><subfield code="z">Pensacola.</subfield><subfield code="2">fast</subfield><subfield code="0">(OCoLC)fst01206144</subfield></datafield><datafield ind1="2" ind2=" " tag="710"><subfield code="a">St. Regis Paper Company.</subfield></datafield><datafield ind1=" " ind2=" " tag="752"><subfield code="a">United States</subfield><subfield code="b">Florida</subfield><subfield code="c">Escambia</subfield><subfield code="d">Pensacola.</subfield></datafield><datafield ind1="0" ind2="4" tag="780"><subfield code="t">St. Regis chips &amp; chatter</subfield></datafield><datafield ind1="0" ind2="4" tag="780"><subfield code="t">Harvester (Pensacola, Fla.)</subfield><subfield code="w">(OCoLC)1840887</subfield></datafield><datafield ind1="0" ind2="0" tag="785"><subfield code="t">St. Regis news</subfield><subfield code="w">(DLC)sn 96027415</subfield><subfield code="w">(OCoLC)18852158</subfield></datafield><datafield ind1=" " ind2=" " tag="850"><subfield code="a">FU</subfield></datafield></record>